883 1304
285 166 306 179 Ν
417 161 429 178 P
438 162 453 179 R
463 162 493 179 ΑΕ
502 162 514 180 F
523 163 538 180 Δ
548 163 561 180 Τ
571 163 578 180 Ι
588 163 603 181 0

287 192 448 227 circumferri,
456 193 584 227 fateorque
599 196 625 219 in
639 195 727 228 aliqui-

286 231 328 255 bus
340 231 376 255 vel
384 233 470 255 aetatis
480 241 569 256 aureae
577 241 631 256 eam
641 233 728 257 deside-

287 271 337 293 rari
353 271 380 293 in
393 270 518 294 literarum
533 279 629 294 occursu
644 270 727 294 levita-

286 314 346 336 tem,
357 309 396 331 cui
408 314 532 341 tantopere
544 308 641 332 student
649 317 726 340 gratn-

286 346 380 368 matz'ci:
391 345 494 377 (legitur
503 347 565 369 enim
577 355 620 369 nec
632 355 688 369 raro
699 348 726 369 in

286 382 336 405 illis
344 382 509 415 inprovisum,
517 382 620 416 conlega
629 383 648 399 ‘¹'
654 402 663 412 ,
671 386 725 413 cet.)

286 426 313 443 at
327 428 396 448 aera,
411 427 434 443 et
446 420 539 452 lapides
552 420 594 444 sub
608 421 726 452 Augusto,

284 459 358 481 immo
368 465 390 481 ει
400 460 525 491 superioris
535 460 621 482 aetatis
629 466 726 491 praese-

281 495 370 529 ferunt
375 496 517 529 imperator,
523 495 654 529 collegium
660 513 668 524 ,
674 503 715 519 cet.
721 514 725 518 .

286 533 400 567 Profecto
405 552 414 562 ,
422 543 496 567 quum
507 536 537 557 sic
540 541 590 566 par
597 533 654 558 hinc
662 540 685 557 et
692 535 726 557 in-

288 570 318 594 de
326 573 477 595 auctoritatis
485 578 643 600 momentum,
652 570 729 595 addu-

286 610 308 631 ci
317 617 366 632 non
368 617 467 641 possum
471 627 479 638 ,
485 617 512 633 ut
517 609 611 633 credam
616 626 624 637 ‚
630 608 725 632 nullam

287 646 421 679 euphoniae
439 646 576 671 habendam
591 655 638 670 esse
653 647 726 669 ratio*

286 692 340 708 nem
345 694 354 712 ‚·
372 684 491 718 nihilique
505 684 646 717 putandum
663 692 710 707 esse
717 702 725 712 ,

285 721 351 755 quod
361 722 446 746 Graeci·
451 740 460 751 ,
468 731 484 746 a
492 723 575 755 quibus
585 730 667 746 nostra
671 730 725 754 pro-

286 766 400 788 manant,
414 759 506 783 hiulcos
517 762 572 783 istos
586 767 725 791 asperosque

285 798 376 820 sonitus
383 798 480 820 aurium
490 805 575 820 caussa
585 803 635 820 tam
643 796 725 819 sedulo

288 835 424 858 vitaverint.
435 835 464 858 Vt
475 843 529 866 ergo
540 834 636 858 auribus
647 833 726 857 indul-

286 879 384 904 geatur,
394 874 552 906 sermonisque
562 873 725 905 prospiciatur

298 949 332 972 (1)
347 948 408 969 Notis
425 948 530 974 cenotaph.
544 948 621 968 Pisana
635 947 679 967 Dis⁴
694 945 725 967 '1¹v.

285 988 327 1009 Cssp.
339 989 369 1002 V!-
