883 1304
275 163 324 179 *vnx
421 162 605 180 l’RAEFATIO

288 193 396 227 amplexi
408 202 500 222 sumus,-
508 195 543 217 ita
551 200 645 223 tamen,
655 201 682 218 ut
693 191 728 218 la-

284 231 356 264 pides
362 249 370 260 ,
387 238 410 254 et
420 232 524 255 Graecas
533 233 648 264 origines,
660 241 729 264 prae-

289 271 367 293 sertim
383 270 410 292 in
424 269 572 298 nominibus,
589 276 616 293 ut
630 276 727 298 vocant,

285 308 405 340 propriis,
416 308 485 331 unice
496 307 679 331 consuleremus.

333 345 417 376 Magis
428 353 480 368 vero
488 346 610 377 magisque
616 345 729 368 sollicitos

289 391 332 406 nos
342 382 427 405 habuit
436 382 565 405 lectionum
575 382 689 406 delectus.
700 383 728 406 Vt

288 421 352 443 enim
360 421 443 452 ingens
451 426 485 443 est
492 419 638 443 eruditorum
649 428 729 444 nume·

288 466 335 486 rus,
339 459 380 490 qui
386 457 443 481 kuic
444 464 532 490 poetae
538 457 679 481 recensendo
685 458 728 481 sol-

288 495 385 518 lertiam
390 513 399 524 ,
410 495 447 518 vel
457 497 581 527 ingenium
592 495 729 519 commoda-

288 540 346 556 runt
354 541 422 556 suum
428 543 437 561 ,-
452 542 554 566 quorum
569 534 615 557 alii
630 533 729 557 obscura

288 579 346 594 sane
358 571 413 595 loca
420 571 587 600 illustrarunt,
596 572 642 595 alii
653 571 689 595 vel
700 579 730 595 te-

288 608 379 637 nebris,
389 609 426 632 vel
433 611 479 642 ipsi
488 610 560 633 etiam
569 609 620 633 luci
630 609 729 632 obscuri-

288 653 361 670 tatem
380 646 530 671 addiderunt
536 657 545 675 ;
563 648 681 680 oportuit,
702 653 729 670 ut

288 691 323 708 tot
340 686 512 708 sententiarum
518 703 527 714 ,
547 692 570 708 et
584 684 729 709 iudiciorum

288 724 358 755 copia
366 724 475 756 inopiam
481 722 659 756 quodammodo
661 722 730 756 sace-

287 767 336 788 νοις
352 760 465 793 nobisque
480 760 546 784 lianc
560 760 657 784 demum
667 768 730 792 pro-

289 799 394 821 vinciam
404 797 595 829 aggredientibus
605 799 683 821 maius
691 806 729 820 ne-

287 837 379 868 gotium
397 835 515 859 exhiberet
522 853 527 858 .
546 835 612 859 Certe
628 844 678 859 non
693 836 728 859 ita

287 882 325 898 me
335 882 405 903 amo,
415 880 442 897 uc
455 874 545 897 cunctis
553 873 640 897 harum
649 882 727 897 rerum

287 912 398 936 studiosis
414 911 566 943 diligentiam
582 920 661 935 meam
671 919 728 944 pro-

287 950 343 974 bare
353 959 390 974 me
400 958 470 982 posse
484 948 616 984 confidam.
630 949 728 976 Verum,

287 996 362 1020 quum
370 986 396 1011 Ιιί
406 987 471 1011 nihil
481 986 582 1011 libenter
591 988 727 1019 excipiant,
