883 1304
284 165 303 178 vx
411 160 424 177 P
433 160 447 177 R
457 160 486 178 ΑΕ
496 161 509 178 F
519 161 533 178 A
544 161 557 178 T
567 161 574 178 1
583 161 599 179 Ο

333 191 403 222 Quod
412 193 432 215 si
441 194 535 225 saepius
545 193 566 216 O
570 201 618 225 pro
628 192 651 215 V
660 201 725 216 usur—

281 237 345 263 pata
356 231 398 259 sit,
407 232 468 254 utin
477 229 726 264 Volcanus‚volt;fw

286 268 385 292 tendum
401 275 482 292 tamen
492 276 525 292 est
534 287 542 297 ,
552 275 706 292 monumenta
716 287 724 297 ,

285 315 347 339 quae
365 305 430 330 hanc
446 308 589 339 scripturam
604 305 711 340 referunt
715 324 724 335 ,

285 351 375 376 agreste
380 351 402 368 et
407 344 512 368 insolens
517 344 650 377 quidquam
655 343 726 368 uliud

285 381 402 410 redolere,
421 382 485 414 quod
501 390 570 405 nemo
586 382 662 405 hodie·
674 390 724 405 non

286 418 364 443 oderit
369 437 374 442 .
380 419 509 452 Inscriptio
516 420 657 451 Augusteum
661 437 669 448 ,
677 428 726 452 qua

289 457 397 481 Vulcano
413 458 569 482 simulacrum
586 457 725 485 dedicatur,

287 494 359 518 habet
368 495 465 528 quidem
473 492 521 528 pro
531 494 644 519 Vulcano
652 513 659 523 ,
669 494 726 519 Vol-

286 531 365 560 kan0;
378 540 404 556 at
416 533 499 557 eadem
509 542 557 566 pro
569 532 676 561 absenti,
687 541 727 565 ap-

287 570 351 593 senti
357 569 386 597 (’);
395 572 422 594 in
430 571 518 602 ellogio
528 571 659 595 Matronae
667 571 726 594 eius—
753 566 758 574 ¹

286 607 340 631 dem
358 610 411 631 aevi
427 608 515 641 legitur
528 605 621 641 quoque
637 607 726 632 volnus

282 654 330 678 pro
346 645 437 670 vulnus
442 657 451 675 ,-
464 646 536 670 simul
551 654 604 670 vero
619 645 727 670 stodium

281 691 330 716 pro
341 683 460 713 studium,
470 690 531 717 aput
537 692 584 717 pro
596 683 663 717 apud
672 702 678 712 ‚
690 682 726 707 ul-

285 727 383 745 tumum
394 731 441 754 pro
451 721 569 746 ultimum
577 740 583 750 ‚
594 728 726 745 necutrum

281 767 329 790 pro
340 760 492 784 neutrum‘2'.
499 760 624 790 Quomodo
635 768 690 791 ergo
699 760 727 782 si-

286 795 312 818 bi
325 797 467 829 constabunt
476 797 563 821 eruditi
573 798 612 820 isti
618 814 627 825 ,
638 798 678 830 qui
689 805 727 820 ar-

286 832 376 857 bitratu
386 843 428 857 suo
435 852 444 863 ‚
452 834 523 858 modo
534 842 631 859 veterem
641 834 713 858 illum
720 852 726 862 ‚

300 925 334 950 (ι)
348 924 430 946 Gruter.
442 933 541 955 pag.1.x1.
552 934 606 947 num.
619 934 625 946 ι
636 942 639 946 .

300 959 334 983 (2)
349 958 438 979 Fabretti
448 960 537 986 Inscripn
544 961 588 989 pa'g.
596 961 636 981 226
642 976 646 981 .
653 960 727 981 Marini

286 992 353 1013 Iscriz.
363 993 437 1014 Albane
447 1001 501 1014 num.
510 994 609 1015 cxnvxu.
