883 1304
297 166 483 184 PRAEFATIO
571 169 606 182 xm

165 205 234 228 esset,
249 198 422 231 perpendimus
438 197 521 221 sedulo
539 196 606 230 quid-

163 236 224 270 quid
236 236 282 260 hac
295 238 322 259 in
344 245 369 260 re
391 245 403 259 e
421 235 605 259 scholiastarum

163 273 366 298 lucubrationibus
385 273 452 297 nobis
472 274 604 306 superavit,-

163 320 265 345 quorum
280 319 361 335 tamen
373 311 510 339 doctrinae,
522 311 558 334 vel
571 312 604 334 iu-

163 349 227 373 dicio
246 358 296 373 non
315 349 375 373 adeo
393 348 546 373 tribuendum
559 357 605 381 pu-

163 389 280 416 tavimus,
298 394 324 411 ut
339 387 390 410 illis
407 388 550 410 committere
561 394 604 410 nos

164 425 306 448 voluerimus
312 443 317 448 .
324 425 474 458 Quapropter
478 433 552 458 quum
556 433 604 448 ma-

163 463 200 486 ior
213 469 263 486 tum
272 464 432 491 coniecturae,
446 470 497 486 tum
504 462 604 494 diligen-

163 501 210 523 tiae
224 500 376 526 adhibendae
387 501 492 533 reliquus
507 499 546 523 liic
563 508 604 523 no-

162 537 195 560 bis
206 537 272 561 locus
284 538 400 562 videretur
407 556 415 567 ,
426 539 542 562 severiora
553 537 603 561 lier-

163 577 304 599 meneutices
309 583 439 609 praecepta
454 578 490 600 ita
506 577 604 600 unicui-

161 621 207 645 que
217 620 304 646 poetae
319 615 398 638 sensui
413 613 558 647 explicando
566 622 604 637 ac-

161 650 376 680 commodavimus,
395 659 422 675 ιιι
442 661 458 675 α
477 653 603 675 sententiae

161 696 213 712 rum
224 690 396 721 perspicuitate
412 691 515 722 optimus
525 689 603 713 dicen-

161 724 187 748 di
212 725 297 750 modus
321 735 448 760 nunquam
472 728 603 758 seiungere-

160 768 210 791 tur,-
220 765 259 787 cui
273 764 321 796 legi
332 771 360 788 uc
368 765 438 788 unice
448 772 602 797 pareremus,

161 807 249 825 ceteras
267 803 308 825 vix
321 811 351 826 ac
363 811 393 825 ne
404 803 444 826 vix
454 802 551 835 quidem
561 810 602 825 au-

135 855 139 858 .
159 838 273 863 divimus.
286 840 327 863 Ex
342 846 411 864 tanto
425 841 521 863 interim
531 839 603 873 fastifl

160 876 220 905 clio,
239 878 267 901 in
287 877 352 911 quod
377 879 455 901 tenuis
476 878 602 909 occupatio

160 912 219 937 haec
223 914 339 939 incideret
339 924 437 948 prorsus
443 923 534 939 necesse
540 921 601 943 erat,

158 952 223 976 hunc
236 952 347 987 fructum
365 955 484 986 cepimus,
503 959 531 976 ut
548 952 601 976 sola

159 999 270 1015 sensuum
276 991 428 1015 distinctione
430 990 492 1025 freti
498 990 600 1014 duorum
