883 1304
278 180 293 193 ιι
388 175 401 192 P
409 175 424 192 R
434 174 463 192 ΑΕ
473 175 486 192 F
499 174 515 192 A
525 174 540 192 Τ
552 174 560 192 Ι
569 174 584 192 0

282 208 359 239 ipsum
365 207 522 238 castigarent,
528 206 647 230 industria
658 214 722 236 usus,

282 251 306 268 et
317 245 441 273 doctrina,
451 243 515 268 illud
528 253 544 267 a
558 252 595 267 me
608 244 722 267 Horatiae

282 291 341 306 num
347 282 469 314 exemplar
476 283 567 305 exstare
576 281 639 305 volui
644 299 652 310 ,
658 281 723 315 quod

282 320 378 344 Italicis
381 320 487 352 praelis,
493 327 515 343 et
519 318 665 343 bibliothecis
671 319 723 342 uni-

282 359 351 381 versis
363 357 566 381 commendationi
574 364 644 385 esset,
655 364 678 380 et
687 365 722 380 or-

281 401 406 418 namento.
422 395 479 418 Iam
491 403 544 417 vero
557 402 587 417 ne
596 394 656 427 quid
670 401 722 417 sta-

282 434 325 456 tim
331 439 461 456 occurreret
466 450 474 461 ,
480 431 545 465 quod
550 440 566 455 a
572 431 663 455 mundo
669 432 722 454 sim-

277 470 399 503 plicique,
410 478 477 503 quem
490 470 609 498 volumus,
619 469 686 493 cultu
698 477 723 492 a-

280 508 373 531 lienum
381 507 498 531 videretur
501 517 510 536 ,·
515 508 599 536 statui,
604 514 722 540 quantum

280 552 315 569 est
319 545 508 577 prolegomenon
514 563 523 574 ,
533 545 689 573 scholiorum,
701 551 724 568 et

281 584 403 606 variarum
414 583 543 607 lectionum
558 583 587 607 ab
598 582 643 606 hoc
658 582 722 606 volu-

279 622 343 644 mine
353 620 492 653 prohibere:
505 622 592 649 immo,
607 622 627 644 si
641 622 723 644 nomi-

280 666 314 682 na
323 658 405 682 demas
411 659 515 682 Deorum
521 676 530 687 ,
536 659 573 682 vel
581 658 706 682 hominum
712 676 721 687 ,

277 705 339 730 quae
346 696 390 720 sibi
393 705 483 729 poema
489 696 601 730 quodque
606 697 722 729 praescri»

280 734 328 763 hit,
338 743 368 758 ne
378 741 521 766 argumenta
531 734 627 768 quidem
641 733 723 758 adesse

274 780 361 805 passus
372 780 439 800 sum‚·
453 773 518 804 queis
532 773 575 795 etsi
588 772 721 804 antiquitas
753 796 754 799 Ἴ

278 808 399 843 quaedam
410 810 442 832 sit
452 810 613 837 munimento,
624 817 674 832 non
689 815 723 833 ta-

279 855 335 870 men
343 855 359 870 a
368 854 405 870 me
413 846 554 880 tantifacta
561 853 629 876 sunt,
635 853 663 870 ιιι
670 853 722 870 tam

277 885 378 908 venustis
383 902 391 913 ,
396 891 446 908 tam
455 884 528 909 claris
529 886 650 918 poematis
652 893 722 918 prae-

271 929 426 955 ponerentur.
436 923 584 947 Nostrarum
594 932 646 947 vero
655 922 720 956 quod

275 966 326 983 erat
326 961 458 992 praecipue
458 962 567 993 partium
575 962 666 993 egimus
673 962 708 984 ita
712 978 721 989 ‚

274 1004 301 1021 ut
310 997 369 1021 haec
385 998 459 1023 editio
469 999 580 1032 primum
595 998 625 1022 ab
641 998 721 1022 ortho-
